<record><leader>00000cas a22000007a 4500</leader><controlfield tag="001">12054771</controlfield><controlfield tag="008">850520c19859999ilusr ne      0   a0eng d</controlfield><datafield ind1=" " ind2=" " tag="010"><subfield code="a">sn 85007491 </subfield></datafield><datafield ind1=" " ind2=" " tag="040"><subfield code="a">NSD</subfield><subfield code="b">eng</subfield><subfield code="c">NSD</subfield><subfield code="d">OCLCQ</subfield></datafield><datafield ind1=" " ind2=" " tag="012"><subfield code="m">1</subfield></datafield><datafield ind1="1" ind2=" " tag="022"><subfield code="a">0883-069X</subfield><subfield code="l">0883-069X</subfield><subfield code="2">1</subfield></datafield><datafield ind1=" " ind2=" " tag="032"><subfield code="a">742210</subfield><subfield code="b">USPS</subfield></datafield><datafield ind1=" " ind2=" " tag="037"><subfield code="b">New Warrensburg Times, Powell Publications, P.O. Box 591, Warrensburg, IL 62573</subfield></datafield><datafield ind1=" " ind2=" " tag="042"><subfield code="a">nsdp</subfield></datafield><datafield ind1=" " ind2="0" tag="222"><subfield code="a">New Warrensburg times</subfield></datafield><datafield ind1="0" ind2="0" tag="245"><subfield code="a">New Warrensburg times.</subfield></datafield><datafield ind1=" " ind2=" " tag="260"><subfield code="a">Warrensburg, IL :</subfield><subfield code="b">Powell Publications,</subfield><subfield code="c">[1985]-</subfield></datafield><datafield ind1=" " ind2=" " tag="310"><subfield code="a">Semimonthly</subfield></datafield><datafield ind1="0" ind2=" " tag="362"><subfield code="a">Vol. 1, no. 1 (Friday, Mar. 8, 1985)-</subfield></datafield><datafield ind1=" " ind2=" " tag="752"><subfield code="a">United States</subfield><subfield code="b">Illinois</subfield><subfield code="c">Macon</subfield><subfield code="d">Warrensburg.</subfield></datafield><datafield ind1=" " ind2=" " tag="936"><subfield code="a">Mar. 8, 1985</subfield></datafield><datafield ind1="1" ind2=" " tag="029"><subfield code="a">AU@</subfield><subfield code="b">000025822857</subfield></datafield></record>